<?xml version="1.0" encoding="UTF-8" ?>
<collection xmlns:xsi="http://www.w3.org/2001/XMLSchema-instance" xsi:schemaLocation="http://www.loc.gov/MARC21/slim http://www.loc.gov/standards/marcxml/schema/MARC21slim.xsd" xmlns="http://www.loc.gov/MARC21/slim">
   <record>
      <leader>     cam a22     Ia 4500</leader>
      <controlfield tag="001">7164986</controlfield>
      <controlfield tag="003">NIC</controlfield>
      <controlfield tag="005">20110331061345.0</controlfield>
      <controlfield tag="008">940509q19001993sy       b    000 0 arard</controlfield>
      <datafield tag="035" ind1=" " ind2=" ">
         <subfield code="a">7164986</subfield>
      </datafield>
      <datafield tag="040" ind1=" " ind2=" ">
         <subfield code="a">AZU</subfield>
         <subfield code="c">AZU</subfield>
         <subfield code="d">OCLCG</subfield>
         <subfield code="d">LEILA</subfield>
      </datafield>
      <datafield tag="035" ind1=" " ind2=" ">
         <subfield code="a">(OCoLC)30408473</subfield>
      </datafield>
      <datafield tag="050" ind1=" " ind2="4">
         <subfield code="a">BP80.I25</subfield>
         <subfield code="b">D43 1900z</subfield>
      </datafield>
      <datafield tag="049" ind1=" " ind2=" ">
         <subfield code="a">COOO</subfield>
      </datafield>
      <datafield tag="100" ind1="1" ind2=" ">
         <subfield code="a">Dhahabī, Muḥammad ibn Aḥmad,</subfield>
         <subfield code="d">1274-1348.</subfield>
      </datafield>
      <datafield tag="245" ind1="1" ind2="0">
         <subfield code="a">Tarjamat al-Imām Aḥmad 164-241 :</subfield>
         <subfield code="b">min Tārīkh al-Islām /</subfield>
         <subfield code="c">lil-Ḥafīẓ al-Dhahabī.</subfield>
      </datafield>
      <datafield tag="260" ind1=" " ind2=" ">
         <subfield code="a">Ḥalab :</subfield>
         <subfield code="b">Dār al-Waʻy,</subfield>
         <subfield code="c">[19--?]</subfield>
      </datafield>
      <datafield tag="300" ind1=" " ind2=" ">
         <subfield code="a">78, [2] p. ;</subfield>
         <subfield code="c">24 cm.</subfield>
      </datafield>
      <datafield tag="500" ind1=" " ind2=" ">
         <subfield code="a">A selection from the author&apos;s Tārīkh al-Islām.</subfield>
      </datafield>
      <datafield tag="504" ind1=" " ind2=" ">
         <subfield code="a">Includes bibliographical references (p. [79]).</subfield>
      </datafield>
      <datafield tag="600" ind1="1" ind2="0">
         <subfield code="a">Ibn Ḥanbal, Aḥmad ibn Muḥammad,</subfield>
         <subfield code="d">780-855.</subfield>
      </datafield>
      <datafield tag="740" ind1="0" ind2="1">
         <subfield code="a">Tārīkh al-Islām.</subfield>
      </datafield>
      <datafield tag="938" ind1=" " ind2=" ">
         <subfield code="a">Leila Books</subfield>
         <subfield code="b">LEIL</subfield>
         <subfield code="n">35362</subfield>
      </datafield>
      <datafield tag="948" ind1="0" ind2=" ">
         <subfield code="a">20110330</subfield>
         <subfield code="b">i</subfield>
         <subfield code="d">fl31</subfield>
         <subfield code="e">lts</subfield>
         <subfield code="h">appr</subfield>
      </datafield>
      <datafield tag="948" ind1="1" ind2=" ">
         <subfield code="a">20110330</subfield>
         <subfield code="b">f</subfield>
         <subfield code="d">fl31</subfield>
         <subfield code="e">lts</subfield>
      </datafield>
      <datafield tag="994" ind1=" " ind2=" ">
         <subfield code="a">C0</subfield>
         <subfield code="b">COO</subfield>
      </datafield>
      <datafield tag="903" ind1=" " ind2=" ">
         <subfield code="a">NYUACO</subfield>
         <subfield code="d">20140514</subfield>
         <subfield code="p">31924115447033</subfield>
      </datafield>
      <datafield tag="950" ind1=" " ind2=" ">
         <subfield code="a">BP80.I25</subfield>
         <subfield code="b">D43 1900z</subfield>
         <subfield code="v"> </subfield>
      </datafield>
   </record>
</collection>
